@article{ MRTASOFA,
	AUTHOR = "Alaa Khamis, Ahmed Hussein and Ahmed Elmogy",
	JOURNAL = "Some Cooperative Robots and Sensor Networks 2015",
	PAGES = "31-51",
	TITLE = "Multi-robot Task Allocation: A Review of the State-of-the-Art",
	VOLUME = "vol 7",
	KEY = "ANDE",
	YEAR = "2015"
}

@article{sedighpour2012effective,
	title={An effective genetic algorithm for solving the multiple traveling salesman problem},
	author={Sedighpour, Mohammad and Yousefikhoshbakht, Majid and Mahmoodi Darani, Narges},
	journal={Journal of Optimization in Industrial Engineering},
	number={8},
	pages={73--79},
	year={2012}
}
@article{johnson1989optimization,
	title={Optimization by simulated annealing: an experimental evaluation; part I, graph partitioning},
	author={Johnson, David S and Aragon, Cecilia R and McGeoch, Lyle A and Schevon, Catherine},
	journal={Operations research},
	volume={37},
	number={6},
	pages={865--892},
	year={1989},
	publisher={INFORMS}
}

@article{steinerberger2015new,
	title={New bounds for the traveling salesman constant},
	author={Steinerberger, Stefan},
	journal={Advances in Applied Probability},
	volume={47},
	number={01},
	pages={27--36},
	year={2015},
	publisher={Cambridge Univ Press}
}

@Book{ Luke2013Metaheuristics,
	author = { Sean Luke },
	title = { Essentials of Metaheuristics},
	edition = { second },
	year = { 2013 },
	publisher = { Lulu },
	note = { Available for free at http://cs.gmu.edu/$\sim$sean/book/metaheuristics/ }}

@misc{wikiwebTSP,
	title = {Traveling sales man problem},
	month = "Dec",
	year = "2016",
	note = "\verb+https://en.wikipedia.org/wiki/Travelling_salesman_problem+"}
}
